<?xml version="1.0" encoding="UTF-8"?><collection xmlns="http://www.loc.gov/MARC21/slim"><record><leader>00375nam--2200133-i-4500</leader><controlfield tag="001">000021074</controlfield><controlfield tag="002">20161230</controlfield><controlfield tag="005">20161230201034</controlfield><controlfield tag="008">060222s1000------------r-----000-0-eng-d</controlfield><datafield ind1=" " ind2=" " tag="080"><subfield code="a">533.6</subfield></datafield><datafield ind1=" " ind2=" " tag="245"><subfield code="a">The industrial application of aerodynamic techniques</subfield></datafield><datafield ind1=" " ind2=" " tag="260"><subfield code="a">London, Her Majesty`S Stationary Office, 1952. Vi + 38p</subfield></datafield><datafield ind1=" " ind2=" " tag="490"><subfield code="a">Notes On Applied Science</subfield></datafield><datafield ind1=" " ind2=" " tag="852"><subfield code="a">10475</subfield></datafield></record></collection>